@misc{gitkey,
howpublished    =
{https://github.com/amarjeetkapoor1/OpenSCAD}
}

@Misc{latexkey,
howpublished =
{https://www.sharelatex.com}
}

@misc{doxygenkey,
howpublished = {Doxygen www.doxygen.org}
}
